% Encoding: UTF-8

@InProceedings{playing-for-data,
  author    = {Stephan R. Richter and Vibhav Vineet and Stefan Roth and Vladlen Koltun},
  title     = {Playing for Data: {G}round Truth from Computer Games},
  booktitle = {European Conference on Computer Vision (ECCV)},
  year      = {2016},
  editor    = {Bastian Leibe and Jiri Matas and Nicu Sebe and Max Welling},
  volume    = {9906},
  series    = {LNCS},
  pages     = {102--118},
  publisher = {Springer International Publishing},
  file      = {:C\:/Users/Azathoth/Google Drive/moje věci/škola - magistr/dp - articles/1608.02192-Playing for Data Ground Truth from Computer Games.pdf:PDF},
}

@InProceedings{driving-in-matrix,
  author        = {M. Johnson-Roberson and Charles Barto and Rounak Mehta and Sharath Nittur Sridhar and Karl Rosaen and Ram Vasudevan},
  title         = {Driving in the Matrix: Can Virtual Worlds Replace Human-Generated Annotations for Real World Tasks?},
  booktitle     = {{IEEE} International Conference on Robotics and Automation},
  year          = {2017},
  pages         = {1--8},
  date-added    = {2017-01-17 14:22:19 +0000},
  date-modified = {2017-02-23 14:37:23 +0000},
  file          = {:C\:/Users/Azathoth/Google Drive/moje věci/škola - magistr/dp - articles/1610.01983-Driving in the Matrix Can Virtual Worlds Replace Human-Generated.pdf:PDF},
  keywords      = {conf},
}

@Article{semantic-instance-annotation,
  author        = {Jun Xie and Martin Kiefel and Ming{-}Ting Sun and Andreas Geiger},
  title         = {Semantic Instance Annotation of Street Scenes by 3D to 2D Label Transfer},
  journal       = {CoRR},
  year          = {2015},
  volume        = {abs/1511.03240},
  archiveprefix = {arXiv},
  bibsource     = {dblp computer science bibliography, https://dblp.org},
  biburl        = {https://dblp.org/rec/bib/journals/corr/XieKSG15},
  eprint        = {1511.03240},
  timestamp     = {Wed, 07 Jun 2017 14:40:38 +0200},
  url           = {http://arxiv.org/abs/1511.03240},
}

@Article{high-performance-gpu,
  author    = {Tukora, Balázs and Szalay, Tibor},
  title     = {High performance computing on graphics processing units},
  journal   = {Pollack Periodica},
  year      = {2008},
  volume    = {3},
  pages     = {27-34},
  month     = {08},
  booktitle = {Pollack Periodica},
  url       = {https://www.researchgate.net/publication/242065578_High_performance_computing_on_graphics_processing_units},
}

@Article{faster-r-cnn,
  author        = {Shaoqing Ren and Kaiming He and Ross B. Girshick and Jian Sun},
  title         = {Faster {R-CNN:} Towards Real-Time Object Detection with Region Proposal Networks},
  journal       = {CoRR},
  year          = {2015},
  volume        = {abs/1506.01497},
  archiveprefix = {arXiv},
  bibsource     = {dblp computer science bibliography, https://dblp.org},
  biburl        = {https://dblp.org/rec/bib/journals/corr/RenHG015},
  eprint        = {1506.01497},
  timestamp     = {Wed, 07 Jun 2017 14:42:40 +0200},
  url           = {http://arxiv.org/abs/1506.01497},
}

@Article{cityscapes,
  author        = {Marius Cordts and Mohamed Omran and Sebastian Ramos and Timo Rehfeld and Markus Enzweiler and Rodrigo Benenson and Uwe Franke and Stefan Roth and Bernt Schiele},
  title         = {The Cityscapes Dataset for Semantic Urban Scene Understanding},
  journal       = {CoRR},
  year          = {2016},
  volume        = {abs/1604.01685},
  archiveprefix = {arXiv},
  bibsource     = {dblp computer science bibliography, https://dblp.org},
  biburl        = {https://dblp.org/rec/bib/journals/corr/CordtsORREBFRS16},
  eprint        = {1604.01685},
  file          = {:D\:/knihy-clanky/cordts2016cityscapes.pdf:PDF},
  timestamp     = {Thu, 14 Dec 2017 17:11:48 +0100},
  url           = {http://arxiv.org/abs/1604.01685},
}

@Article{Geiger2013,
  author  = {Andreas Geiger and Philip Lenz and Christoph Stiller and Raquel Urtasun},
  title   = {Vision meets Robotics: The KITTI Dataset},
  journal = {International Journal of Robotics Research (IJRR)},
  year    = {2013},
}

@Article{camvid,
  author     = {Brostow, Gabriel J. and Fauqueur, Julien and Cipolla, Roberto},
  title      = {Semantic Object Classes in Video: A High-definition Ground Truth Database},
  journal    = {Pattern Recogn. Lett.},
  year       = {2009},
  volume     = {30},
  number     = {2},
  pages      = {88--97},
  month      = jan,
  issn       = {0167-8655},
  acmid      = {1465403},
  address    = {New York, NY, USA},
  doi        = {10.1016/j.patrec.2008.04.005},
  issue_date = {January, 2009},
  keywords   = {42.30.Sy, 42.30.Tz, 87.57.N-, 87.57.nm, Label propagation, Object recognition, Semantic segmentation, Video database, Video understanding},
  numpages   = {10},
  publisher  = {Elsevier Science Inc.},
  url        = {http://dx.doi.org/10.1016/j.patrec.2008.04.005},
}

@Article{kolthun-dilation,
  author        = {Fisher Yu and Vladlen Koltun},
  title         = {Multi-Scale Context Aggregation by Dilated Convolutions},
  journal       = {CoRR},
  year          = {2015},
  volume        = {abs/1511.07122},
  archiveprefix = {arXiv},
  bibsource     = {dblp computer science bibliography, https://dblp.org},
  biburl        = {https://dblp.org/rec/bib/journals/corr/YuK15},
  eprint        = {1511.07122},
  timestamp     = {Wed, 07 Jun 2017 14:40:43 +0200},
  url           = {http://arxiv.org/abs/1511.07122},
}

@Misc{gta-release,
  author       = {Rockstar Games},
  title        = {GRAND THEFT AUTO V IS COMING 9.17.2013},
  month        = jan,
  year         = {2013},
  organization = {Rockstar Games},
  url          = {https://www.rockstargames.com/newswire/article/48591/grand-theft-auto-v-is-coming-9172013.html},
}

@Electronic{gta-release-pc,
  author = {Rockstar Games},
  month  = sep,
  year   = {2014},
  title  = {GRAND THEFT AUTO V RELEASE DATES AND EXCLUSIVE CONTENT DETAILS FOR PLAYSTATION 4, XBOX ONE AND PC},
  url    = {https://www.rockstargames.com/newswire/article/52308/grand-theft-auto-v-release-dates-and-exclusive-content},
}

@Misc{gta-5-rage,
  author       = {Thomas Morgan},
  title        = {Face-Off: Grand Theft Auto 5},
  month        = sep,
  year         = {2013},
  organization = {EuroGamer},
  url          = {https://www.eurogamer.net/articles/digitalfoundry-grand-theft-auto-5-face-off},
}

@Misc{gta-v-interview,
  author       = {Matt Hill},
  title        = {Grand Theft Auto V: meet Dan Houser, architect of a gaming phenomenon},
  month        = sep,
  year         = {2013},
  organization = {The Guardian},
  url          = {https://www.theguardian.com/technology/2013/sep/07/grand-theft-auto-dan-houser},
}

@Misc{gta-interview-studio,
  author       = {MICHAEL FRENCH},
  title        = {Inside Rockstar North - Part 2: The Studio},
  month        = oct,
  year         = {2013},
  organization = {MCV},
  url          = {https://www.mcvuk.com/development/inside-rockstar-north-part-2-the-studio},
}

@Misc{scripthookv-gtaforums,
  author       = {Alexander Blade},
  title        = {SCRIPT HOOK V},
  month        = apr,
  year         = {2015},
  organization = {GTA forums},
  url          = {http://gtaforums.com/topic/788343-script-hook-v/},
}

@Misc{nativedb-research,
  author = {Alexander Blade},
  title  = {NATIVE DB Script/Native Documentation and Research},
  month  = jun,
  year   = {2014},
  url    = {http://gtaforums.com/topic/717612-v-scriptnative-documentation-and-research/},
}

@Misc{nativedb,
  author = {Alexander Blade},
  title  = {Native DB},
  url    = {http://www.dev-c.com/nativedb/},
}

@Misc{scripthookvdotnet,
  author = {Crosire},
  title  = {Community Script Hook V .NET},
  month  = apr,
  year   = {2015},
  url    = {https://github.com/crosire/scripthookvdotnet},
}

@Misc{nativeui,
  author = {Guad},
  title  = {Native UI},
  month  = jul,
  year   = {2015},
  url    = {https://github.com/Guad/NativeUI},
}

@Electronic{vautodrive,
  author = {Cyron43},
  month  = jul,
  year   = {2015},
  title  = {VAutodrive},
  url    = {https://www.gta5-mods.com/scripts/vautodrive},
}

@Misc{renderdoc,
  author = {Baldur Karlsson},
  title  = {RenderDoc},
  url    = {https://renderdoc.org/},
}

@Misc{gta-forums,
  title = {GTA Forums},
  url   = {http://gtaforums.com/forum/370-gta-v/},
}

@Electronic{gta-5-mod-tutorial,
  author = {V4D3R},
  month  = aug,
  year   = {2016},
  title  = {GTA-mod-dev-tutorial},
  url    = {https://forums.gta5-mods.com/topic/1451/tutorial-grand-theft-auto-v-modding-a-few-things-you-should-know/2},
}

@Misc{gta-5-mods-forum,
  title = {GTA5 mods forum},
  url   = {https://forums.gta5-mods.com/category/5/general-modding-discussion},
}

@Misc{gta-5-mods,
  title = {GTA5-Mods.com - Your Source For The Latest GTA 5 Car Mods, Scripts, Tools And More.},
  url   = {https://www.gta5-mods.com/},
}

@Misc{gl-rendering-pipeline,
  title = {OpenGL Transformation},
  url   = {http://www.songho.ca/opengl/gl_transform.html},
}

@Book{real-time-rendering,
  title     = {Real-Time Rendering 3rd Edition},
  publisher = {A. K. Peters, Ltd.},
  year      = {2008},
  author    = {Tomas Akenine-M\"{o}ller and Eric Haines and Naty Hoffman},
  address   = {Natick, MA, USA},
  isbn      = {987-1-56881-424-7},
  file      = {:D\:/knihy-clanky/332922358-PDF-Real-Time-Rendering-3rd-pdf.pdf:PDF},
  pages     = {1045},
}

@TechReport{video-games-for-autonomous-driving,
  author      = {Artur Filipowicz},
  title       = {Driving School II Video Games for Autonomous Driving},
  institution = {Princeton University},
  year        = {2016},
  type        = {resreport},
  month       = may,
  file        = {:C\:/Users/Azathoth/Google Drive/moje věci/škola - magistr/dp - articles/FilipowiczVideoGamesforAutonomousDriving.pdf:PDF},
  url         = {http://orfe.princeton.edu/~alaink/SmartDrivingCars/Visitors/FilipowiczVideoGamesforAutonomousDriving.pdf},
}

@Misc{gta-vehicle-models,
  title     = {Vehicles - GTA 5 Wiki Guide - IGN},
  publisher = {IGN},
  url       = {http://www.ign.com/wikis/gta-5/Vehicles},
}

@Misc{gta-mod-camera,
  author    = {wozzy},
  title     = {Cameras - Documentation},
  month     = may,
  year      = {2015},
  publisher = {GTAForums},
  url       = {http://gtaforums.com/topic/793247-cameras/},
}

@Article{history-began-from-alexnet,
  author        = {{Zahangir Alom}, M. and {Taha}, T.~M. and {Yakopcic}, C. and {Westberg}, S. and {Hasan}, M. and {Van Esesn}, B.~C and {Awwal}, A.~A. and {Asari}, V.~K.},
  title         = {The History Began from AlexNet: A Comprehensive Survey on Deep Learning Approaches},
  journal       = {ArXiv e-prints},
  year          = {2018},
  month         = mar,
  adsnote       = {Provided by the SAO/NASA Astrophysics Data System},
  adsurl        = {http://adsabs.harvard.edu/abs/2018arXiv180301164Z},
  archiveprefix = {arXiv},
  eprint        = {1803.01164},
  keywords      = {Computer Science - Computer Vision and Pattern Recognition},
  primaryclass  = {cs.CV},
}

@Article{unreasonable-effectiveness-of-data,
  author   = {A. Halevy and P. Norvig and F. Pereira},
  title    = {The Unreasonable Effectiveness of Data},
  journal  = {IEEE Intelligent Systems},
  year     = {2009},
  volume   = {24},
  number   = {2},
  pages    = {8-12},
  month    = {March},
  issn     = {1541-1672},
  doi      = {10.1109/MIS.2009.36},
  file     = {:C\:/Users/Azathoth/Google Drive/moje věci/škola - magistr/dp - articles/04804817-The Unreasonable-Efectiveness-of-Data.pdf:PDF},
  keywords = {Internet;data handling;natural language processing;Brown Corpus;English words;Web-derived corpora;data unreasonable effectiveness;frequency counts;grammatical errors;hand-corrected part-of-speech tags;incomplete sentences;spelling errors;trillion-word corpus;unfiltered Web pages;Broadcasting;Data mining;Frequency estimation;Humans;Machine learning;Natural language processing;Speech recognition;Tagging;Videos;Web pages;Semantic Web;machine learning;very large data bases},
}

@Article{revisiting-unreasonable-efectiveness,
  author        = {Chen Sun and Abhinav Shrivastava and Saurabh Singh and Abhinav Gupta},
  title         = {Revisiting Unreasonable Effectiveness of Data in Deep Learning Era},
  journal       = {CoRR},
  year          = {2017},
  volume        = {abs/1707.02968},
  archiveprefix = {arXiv},
  bibsource     = {dblp computer science bibliography, https://dblp.org},
  biburl        = {https://dblp.org/rec/bib/journals/corr/SunSSG17},
  eprint        = {1707.02968},
  timestamp     = {Fri, 06 Oct 2017 09:40:06 +0200},
  url           = {http://arxiv.org/abs/1707.02968},
}

@InProceedings{real-time-human-pose-recognition-in-parts-from-a-single-depth-image,
  author    = {Shotton, Jamie and Fitzgibbon, Andrew and Blake, Andrew and Kipman, Alex and Finocchio, Mark and Moore, Bob and Sharp, Toby},
  title     = {Real-Time Human Pose Recognition in Parts from a Single Depth Image},
  booktitle = {IEEE},
  year      = {2011},
  month     = {June},
  publisher = {IEEE},
}

@InProceedings{mechanical-turk,
  author    = {Crowston, Kevin},
  title     = {Amazon Mechanical Turk: A Research Tool for Organizations and Information Systems Scholars},
  booktitle = {Shaping the Future of ICT Research. Methods and Approaches},
  year      = {2012},
  editor    = {Bhattacherjee, Anol and Fitzgerald, Brian},
  pages     = {210--221},
  address   = {Berlin, Heidelberg},
  publisher = {Springer Berlin Heidelberg},
  abstract  = {Amazon Mechanical Turk (AMT), a system for crowdsourcing work, has been used in many academic fields to support research and could be similarly useful for information systems research. This paper briefly describes the functioning of the AMT system and presents a simple typology of research data collected using AMT. For each kind of data, it discusses potential threats to reliability and validity and possible ways to address those threats. The paper concludes with a brief discussion of possible applications of AMT to research on organizations and information systems.},
  file      = {:D\:/knihy-clanky/Amazon Mechanical Turk.pdf:PDF},
  isbn      = {978-3-642-35142-6},
}

@InProceedings{amt-cv-annotation,
  author    = {A. Sorokin and D. Forsyth},
  title     = {Utility data annotation with Amazon Mechanical Turk},
  booktitle = {2008 IEEE Computer Society Conference on Computer Vision and Pattern Recognition Workshops},
  year      = {2008},
  pages     = {1-8},
  month     = {June},
  doi       = {10.1109/CVPRW.2008.4562953},
  issn      = {2160-7508},
  keywords  = {Web services;Web sites;data handling;image processing;Amazon Mechanical Turk;annotation problems;utility data annotation;Centralized control;Computer vision;Costs;Feedback;Gold;HTML;Humans;Protocols;Quality assurance;Throughput},
}

@Misc{amt-article,
  title = {Amazon Mechanical Turk Product Details},
  url   = {https://www.mturk.com/product-details},
}

@Misc{supervise.ly,
  title = {Supervise.ly},
  url   = {https://supervise.ly/},
}

@Article{depth-estimation-as-classification,
  author        = {Yuanzhouhan Cao and Zifeng Wu and Chunhua Shen},
  title         = {Estimating Depth from Monocular Images as Classification Using Deep Fully Convolutional Residual Networks},
  journal       = {CoRR},
  year          = {2016},
  volume        = {abs/1605.02305},
  archiveprefix = {arXiv},
  bibsource     = {dblp computer science bibliography, https://dblp.org},
  biburl        = {https://dblp.org/rec/bib/journals/corr/CaoWS16},
  eprint        = {1605.02305},
  file          = {:C\:/Users/Azathoth/Google Drive/moje věci/škola - magistr/dp - articles/1605.02305-Estimating Depth from Monocular Images as.pdf:PDF},
  timestamp     = {Wed, 07 Jun 2017 14:42:05 +0200},
  url           = {http://arxiv.org/abs/1605.02305},
}

@Article{depth-estimation-hierarchical-fusion-soft-weighting,
  author        = {Bo Li and Yuchao Dai and Mingyi He},
  title         = {Monocular Depth Estimation with Hierarchical Fusion of Dilated CNNs and Soft-Weighted-Sum Inference},
  journal       = {CoRR},
  year          = {2017},
  volume        = {abs/1708.02287},
  archiveprefix = {arXiv},
  bibsource     = {dblp computer science bibliography, https://dblp.org},
  biburl        = {https://dblp.org/rec/bib/journals/corr/abs-1708-02287},
  eprint        = {1708.02287},
  file          = {:C\:/Users/Azathoth/Google Drive/moje věci/škola - magistr/dp - articles/1708.02287-Monocular Depth Estimation with Hierarchical Fusion.pdf:PDF},
  timestamp     = {Mon, 06 Nov 2017 17:26:29 +0100},
  url           = {http://arxiv.org/abs/1708.02287},
}

@Article{predicting-depth,
  author        = {David Eigen and Rob Fergus},
  title         = {Predicting Depth, Surface Normals and Semantic Labels with a Common Multi-Scale Convolutional Architecture},
  journal       = {CoRR},
  year          = {2014},
  volume        = {abs/1411.4734},
  archiveprefix = {arXiv},
  bibsource     = {dblp computer science bibliography, https://dblp.org},
  biburl        = {https://dblp.org/rec/bib/journals/corr/EigenF14},
  eprint        = {1411.4734},
  timestamp     = {Wed, 07 Jun 2017 14:43:00 +0200},
  url           = {http://arxiv.org/abs/1411.4734},
}

@InProceedings{depth-and-surface-estimation,
  author    = {Bo Li and Chunhua Shen and Yuchao Dai and A. van den Hengel and Mingyi He},
  title     = {Depth and surface normal estimation from monocular images using regression on deep features and hierarchical CRFs},
  booktitle = {2015 IEEE Conference on Computer Vision and Pattern Recognition (CVPR)},
  year      = {2015},
  pages     = {1119-1127},
  month     = {June},
  doi       = {10.1109/CVPR.2015.7298715},
  issn      = {1063-6919},
  keywords  = {feature extraction;image colour analysis;inference mechanisms;learning (artificial intelligence);neural nets;regression analysis;smoothing methods;CRF;DCNN model;Make3D dataset;NYU Depth V2 dataset;auto-regression term;closed-form solution;conditional random fields;data term;deep features;deep-convolutional neural network features;depth Predicting;depth normal estimation;depth normal map;estimation map;hierarchical CRF;inference problem;local structure;mapping learning;monocular images;multiscale image patches;postprocessing refining step;smoothness term;super-pixel level;surface normal estimation;surface normal map;Color;Context;Estimation;Feature extraction;Three-dimensional displays;Training;Training data},
}

@Comment{jabref-meta: databaseType:bibtex;}
